
@ARTICLE{9187678,  author={M. D. {Putro} and L. {Kurnianggoro} and K. -H. {Jo}},  journal={IEEE Transactions on Industrial Informatics},   title={High Performance and Efficient Real-Time Face Detector on Central Processing Unit Based on Convolutional Neural Network},   year={2021},  volume={17},  number={7},  pages={4449-4457},  doi={10.1109/TII.2020.3022501}}
@article{2014Very,
	title={Very Deep Convolutional Networks for Large-Scale Image Recognition},
	author={ Simonyan, K.  and  Zisserman, A. },
	journal={CoRR},
	volume = {abs/1409.1556},
	year={2014},
}

@article{gou2021knowledge,
	title={Knowledge distillation: A survey},
	author={Gou, Jianping and Yu, Baosheng and Maybank, Stephen J and Tao, Dacheng},
	journal={International Journal of Computer Vision},
	volume={129},
	number={6},
	pages={1789--1819},
	year={2021},
	publisher={Springer}
}
@article{guo2020reducing,
	title={Reducing the Teacher-Student Gap via Spherical Knowledge Disitllation},
	author={Guo, Jia and Chen, Minghao and Hu, Yao and Zhu, Chen and He, Xiaofei and Cai, Deng},
	journal={arXiv preprint arXiv:2010.07485},
	year={2020}
}
@inproceedings{cho2019efficacy,
	title={On the efficacy of knowledge distillation},
	author={Cho, Jang Hyun and Hariharan, Bharath},
	booktitle={Proceedings of the IEEE/CVF International Conference on Computer Vision},
	pages={4794--4802},
	year={2019}
}


@article{ILSVRC,
	title={Imagenet large scale visual recognition challenge},
	author={Russakovsky, Olga and Deng, Jia and Su, Hao and Krause, Jonathan and Satheesh, Sanjeev and Ma, Sean and Huang, Zhiheng and Karpathy, Andrej and Khosla, Aditya and Bernstein, Michael and others},
	journal={International journal of computer vision},
	volume={115},
	number={3},
	pages={211--252},
	year={2015},
	publisher={Springer}
}
}
@inproceedings{2014Going,
	title={Going deeper with convolutions},
	author={Szegedy, Christian and Liu, Wei and Jia, Yangqing and Sermanet, Pierre and Reed, Scott and Anguelov, Dragomir and Erhan, Dumitru and Vanhoucke, Vincent and Rabinovich, Andrew},
	booktitle={Proceedings of CVPR},
	pages={1--9},
	year={2015}
}


@article{FU2019183,
	title = {Flotation froth image recognition with convolutional neural networks},
	journal = {Minerals Engineering},
	volume = {132},
	pages = {183-190},
	year = {2019},
	issn = {0892-6875},
	author = {Y. Fu and C. Aldrich},
}

@ARTICLE{8850096,
	author={Zhao, Minghang and Zhong, Shisheng and Fu, Xuyun and Tang, Baoping and Pecht, Michael},
	journal={IEEE Transactions on Industrial Informatics}, 
	title={Deep Residual Shrinkage Networks for Fault Diagnosis}, 
	year={2020},
	volume={16},
	number={7},
	pages={4681-4690},
	doi={10.1109/TII.2019.2943898}}

@article{2018Artificial,
	title={Artificial Intelligence Enabled Software Defined Networking: A Comprehensive Overview},
	author={ Latah, M.  and  Toker, L. },
	journal={Iet Networks},
	year={2018},
}
@article{2017Squeeze,
	title={Squeeze-and-Excitation Networks},
	author={ Jie, H.  and  Li, S.  and  Gang, S.  and  Albanie, S. },
	journal={IEEE Transactions on Pattern Analysis and Machine Intelligence},
	volume={PP},
	number={99},
	year={2017},
}
@ARTICLE{9173723,
	author={Liu, Guangyu and Zhu, Ling and Yu, Weijie and Yu, Wujia},
	journal={IEEE Transactions on Industrial Informatics}, 
	title={Image Formation, Deep Learning, and Physical Implication of Multiple Time-Series One-Dimensional Signals: Method and Application}, 
	year={2021},
	volume={17},
	number={7},
	pages={4566-4574},
	doi={10.1109/TII.2020.3018496}}


@inproceedings{2016deep,
	title={Deep residual learning for image recognition},
	author={He, Kaiming and Zhang, Xiangyu and Ren, Shaoqing and Sun, Jian},
	booktitle={Proceedings of CVPR},
	pages={770--778},
	year={2016}
}

@ARTICLE{9173697,  author={S. {Jiang} and Y. {Qi} and H. {Zhang} and Z. {Bai} and X. {Lu} and P. {Wang}},  journal={IEEE Transactions on Industrial Informatics},   title={D3D: Dual 3-D Convolutional Network for Real-Time Action Recognition},   year={2021},  volume={17},  number={7},}

@article{2016Rethinking,
	title={Rethinking the Inception Architecture for Computer Vision},
	author={ Szegedy, C.  and  Vanhoucke, V.  and  Ioffe, S.  and  Shlens, J.  and  Wojna, Z. },
	journal={IEEE},
	pages={2818-2826},
	year={2016},
}

@article{2019A,
	title={A Transfer Learning Approach for Network Intrusion Detection},
	author={ Wu, P.  and  Guo, H.  and  Buckland, R. },
	journal={IEEE},
	year={2019},
}

@ARTICLE{9166726,  author={J. {Liu} and S. {Zhao} and Y. {Xie} and W. {Gui} and Z. {Tang} and T. {Ma} and J. P. {Niyoyita}},  journal={IEEE Transactions on Industrial Informatics},   title={Learning Local Gabor Pattern-Based Discriminative Dictionary of Froth Images for Flotation Process Working Condition Monitoring},   year={2021},  volume={17},  number={7},  pages={4437-4448},  doi={10.1109/TII.2020.3016317}}

@inproceedings{0OPTIMIZING,
	author = {Jia, Zhihao and Thomas, James and Warszawski, Todd and Gao, Mingyu and Zaharia, Matei and Aiken, Alex},
	booktitle = {Proceedings of Machine Learning and Systems},
	pages = {27--39},
	title = {Optimizing DNN Computation with Relaxed Graph Substitutions},
	volume = {1},
	year = {2019}
}

@article{2018TVM,
	title={TVM: End-to-End Optimization Stack for Deep Learning},
	author={ Chen, T.  and  Moreau, T.  and  Jiang, Z.  and  Shen, H.  and  Krishnamurthy, A. },
	year={2018},
}
@INPROCEEDINGS{9151816,
	author={Wu, Peilun and Guo, Hui and Moustafa, Nour},
	booktitle={2020 50th Annual IEEE/IFIP International Conference on Dependable Systems and Networks Workshops (DSN-W)}, 
	title={Pelican: A Deep Residual Network for Network Intrusion Detection}, 
	year={2020},
	volume={},
	number={},
	pages={55-62},
	doi={10.1109/DSN-W50199.2020.00018}}
@inproceedings{song2020real,
	title={ReAL: A New ResNet-ALSTM Based Intrusion Detection System for the Internet of Energy},
	author={Song, Jiarui and Li, Beibei and Wu, Yuhao and Shi, Yaxin and Li, Aohan},
	booktitle={2020 IEEE 45th Conference on Local Computer Networks (LCN)},
	pages={491--496},
	year={2020},
	organization={IEEE}
}

@article{man2021residual,
	title={A Residual Learning-Based Network Intrusion Detection System},
	author={Man, Jiarui and Sun, Guozi},
	journal={Security and Communication Networks},
	volume={2021},
	year={2021},
	pages={1--9},
	publisher={Hindawi}
}

@inproceedings{masum2021transfer,
	title={A transfer learning approach for network intrusion detection},
	author={Wu, Peilun and Guo, Hui and Buckland, Richard},
	booktitle={2019 IEEE 4th international conference on big data analytics (ICBDA)},
	pages={281--285},
	year={2019},
	organization={IEEE}
}


@article{2016Residual,
	title={Residual Networks are Exponential Ensembles of Relatively Shallow Networks},
	author={ Veit, A.  and  Wilber, M.  and  Belongie, S. },
	journal={Advances in Neural Information Processing Systems},
	year={2016},
}


@article{2016TensorFlow,
	title={TensorFlow: A system for large-scale machine learning},
	author={ Abadi, M.  and  Barham, P.  and  Chen, J.  and  Chen, Z.  and  Zhang, Xiaoqiang },
	journal={USENIX Association},
	year={2016},
}
@misc{
	elmohamed,
	author = "PyTorch",
	title = "Tensors and {D}ynamic neural networks in {P}ython
	with strong {G}PU acceleration",
	howpublished = "Website",
	year = {2017},
	note = {\url{https://pytorch. org}}
}


@inproceedings{2019ACNet,
	title={Acnet: Strengthening the kernel skeletons for powerful cnn via asymmetric convolution blocks},
	author={Ding, Xiaohan and Guo, Yuchen and Ding, Guiguang and Han, Jungong},
	booktitle={Proceedings of ICCV},
	pages={1911--1920},
	year={2019}
}

@inproceedings{2021Diverse,
	title={Diverse Branch Block: Building a Convolution as an Inception-like Unit},
	author={Ding, Xiaohan and Zhang, Xiangyu and Han, Jungong and Ding, Guiguang},
	booktitle={Proceedings of CVPR},
	pages={10886--10895},
	year={2021}
}



@inproceedings{2020IOS,
	author={Yaoyao Ding and Ligeng Zhu and Zhihao Jia and Gennady Pekhimenko and Song Han},
	booktitle = {Proceedings of Machine Learning and Systems},
	title = {{IOS: Inter-Operator Scheduler for CNN Acceleration}},
	volume = {3},
	year = {2021}
}

@inproceedings{2018Optimizing,
	author={Yizhi {Liu} and Yao {Wang} and Ruofei {Yu} and Mu {Li} and Vin {Sharma} and Yida {Wang}"},
	booktitle={2019 {USENIX} Annual Technical Conference ({USENIX} {ATC} 19)},
	title={Optimizing CNN model inference on CPUs},
	pages={1025--1040},
	year= {2019}
}

@article{b1,
    title={Fabric defect detection using morphological filters},
    author={Mak, K. L. and Peng, P. and Yiu, K. F. C.},
    journal={Image \& Vision Computing},
    volume={27},
    number={10},
    pages={1585-1592},
    year={2009},
}

@article{liu2017new,
	title={A new deep learning-based food recognition system for dietary assessment on an edge computing service infrastructure},
	author={Liu, Chang and Cao, Yu and Luo, Yan and Chen, Guanling and Vokkarane, Vinod and Yunsheng, Ma and Chen, Songqing and Hou, Peng},
	journal={IEEE Transactions on Services Computing},
	volume={11},
	number={2},
	pages={249--261},
	year={2017},
	publisher={IEEE}
}
@inproceedings{Hosseini2017Deep,
	title={Deep Learning with Edge Computing for Localization of Epileptogenicity Using Multimodal rs-fMRI and EEG Big Data},
	author={Hosseini, Mohammad Parsa and Tran, Tuyen X. and Pompili, Dario and Elisevich, Kost and Soltanian-Zadeh, Hamid},
	booktitle={2017 IEEE International Conference on Autonomic Computing (ICAC)},
	year={2017},
}
@article{li2018learning,
	title={Learning IoT in edge: Deep learning for the Internet of Things with edge computing},
	author={Li, He and Ota, Kaoru and Dong, Mianxiong},
	journal={IEEE Network},
	volume={32},
	number={1},
	pages={96--101},
	year={2018},
	publisher={IEEE}
}
@article{lin2017survey,
	title={A survey on internet of things: Architecture, enabling technologies, security and privacy, and applications},
	author={Lin, Jie and Yu, Wei and Zhang, Nan and Yang, Xinyu and Zhang, Hanlin and Zhao, Wei},
	journal={IEEE Internet of Things Journal},
	volume={4},
	number={5},
	pages={1125--1142},
	year={2017},
	publisher={IEEE}
}

@inproceedings{b2,
    title={Corner defect detection based on dot product in ceramic tile images},
    author={Najafabadi, F. S. and Pourghassem, H.},
    booktitle={IEEE International Colloquium on Signal Processing \& Its Applications},
    year={2011},
}

@article{b3,
    title={Defect Detection of Tiles Using 2D-Wavelet Transform and Statistical Features},
    author={Ghazvini, M. and Monadjemi, S. A. and Movahhedinia, N. and Jamshidi, K.},
    journal={Proceedings of World Academy of Science Engineering \& Technolog},
    number={49},
    pages={901},
    year={2009},
}

@inproceedings{b4,
    title={Defect detection on wooden surfaces using Gabor Filters with evolutionary algorithm design},
    author={Polzleitner, W.},
    booktitle={International Joint Conference on Neural Networks},
    year={2001},
}

@article{b5,
    title={Automatic inspection of metallic surface defects using genetic algorithms},
    author={Zheng, H. and Kong, L. X and Nahavandi, S.},
    journal={Journal of Materials Processing Technology},
    volume={125},
    number={36},
    pages={427-433},
    year={2002},
}

@article{b6,
    title={Detection of Fabric Defects by Auto-Regressive Spectral Analysis and Support Vector Data Description},
    author={Honggang, Bu and X. B. Huang and Jun, Wang and X. Chen},
    journal={Textile Research Journal},
    volume={80},
    number={7},
    pages={579-589},
    year={2010},
}

@article{b7,
    title={Textural Features for Image Classification},
    author={R.M. Haralick and K. Shanmugam and Ih, Dinstein},
    journal={IEEE Transactions on Systems, Man, and Cybernetics},
    year={1973},
    volume={SMC-3},
    number={6},
    pages={610-621},
    keywords={Image classification;Image resolution;Satellites;Testing;Spatial resolution;Crops;Humans;Earth;Piecewise linear techniques;Application software},
    doi={10.1109/TSMC.1973.4309314},
    ISSN={0018-9472},
    month={Nov},
}

@article{b8,
    title={Fabric Defect Detection Using Auto-Correlation Function},
    author={Elham, Hoseini and Farnoush, Farhadi and Farshad, Tajeripour},
    journal={International Journal of Computer Theory and Engineering},
    volume={5},
    number={1},
    year={2013},
}

@article{b9,
    title={An object-based coding scheme for frontal surface of defective fluted ingot},
    author={Mukherjee, Anirban and Chaudhuri, Subhasis and Dutta, Pranab K. and Sen, Siddhartha and Patra, Amit},
    journal={Isa Transactions},
    volume={45},
    number={1},
    pages={1-8},
    year={2006},
}

@article{b10,
    title={A fractal image analysis system for fabric inspection based on a box-counting method},
    author={Conci, Aura and Proença, Claudia Belmiro},
    journal={Computer Networks \& Isdn Systems},
    volume={30},
    number={20–21},
    pages={1887-1895},
    year={1998},
}

@article{b11,
    title={Textural Defect Segmentation Using a Fourier-Domain Maximum Likelihood Estimation Method},
    author={Chiu, S. H. and Shen, Chou and Liaw, J. J. and Wen, C. Y.},
    journal={Textile Research Journal},
    volume={72},
    number={3},
    pages={253-258},
    year={2002},
}

@article{b12,
    title={Convolutional Neural Networks for Steel Surface Defect Detection from Photometric Stereo Images},
    author={Soukup, D. and Huber-Mörk, R.},
    year={2014},
}

@inproceedings{b13,
    title={Steel defect classification with Max-Pooling Convolutional Neural Networks},
    author={Masci, J. and Meier, U. and Ciresan, D. and Schmidhuber, J. and Fricout, G.},
    booktitle={International Joint Conference on Neural Networks},
    year={2012},
}

@article{b14,
    title={Densely Connected Convolutional Networks},
    author={Gao, Huang and Zhuang, Liu and Weinberger, Kilian Q},
    year={2016},
}

@article{shi2016edge,
  title={Edge computing: Vision and challenges},
  author={Shi, Weisong and Cao, Jie and Zhang, Quan and Li, Youhuizi and Xu, Lanyu},
  journal={IEEE Internet of Things Journal},
  volume={3},
  number={5},
  pages={637--646},
  year={2016},
  publisher={IEEE}
}

@article{b15,
    title={Very Deep Convolutional Networks for Large-Scale Image Recognition},
    author={Simonyan, Karen and Zisserman, Andrew},
    journal={Computer Science},
    year={2014},
}

@article{b16,
    title={Going Deeper with Convolutions},
    author={Szegedy, Christian and Liu, Wei and Jia, Yangqing and Sermanet, Pierre and Reed, Scott and Anguelov, Dragomir and Erhan, Dumitru and Vanhoucke, Vincent and Rabinovich, Andrew},
    year={2014},
}

@article{b17,
    title={Deep Residual Learning for Image Recognition},
    author={Kaiming, He and Xiangyu, Zhang and Shaoqing, Ren and Jian, Sun},
    booktitle={2016 IEEE Conference on Computer Vision and Pattern Recognition (CVPR)},
    year={2016},
    volume={},
    number={},
    pages={770-778},
}

@inproceedings{b18,
    title={ImageNet Classification with Deep Convolutional Neural Networks},
    author={Krizhevsky, Alex and Sutskever, Ilya and Hinton, Geoffrey E.},
    booktitle={International Conference on Neural Information Processing Systems},
    year={2012},
}

@article{b19,
    title={The Cross‐Entropy Method: A Unified Approach to Combinatorial Optimisation, Monte‐Carlo Simulation and Machine Learning},
    author={Hutton, D. M.},
    journal={Kybernetes},
    volume={34},
    number={6},
    pages={903-903},
    year={2005},
}

@article{b20,
    title={Accurate, Large Minibatch SGD: Training ImageNet in 1 Hour},
    author={Goyal, Priya and Dollár, Piotr and Girshick, Ross and Noordhuis, Pieter and Wesolowski, Lukasz and Kyrola, Aapo and Tulloch, Andrew and Jia, Yangqing and He, Kaiming},
    year={2017},
}

@article{b21,
    title={Partial AUC maximization in a linear combination of dichotomizers},
    author={Ricamato, Maria Teresa and Tortorella, Francesco},
    journal={Pattern Recognition},
    volume={44},
    number={10},
    pages={2669-2677},
    year={2011},
}

@INPROCEEDINGS{b5.1,
    author={F. {Tajeripour} and E. {Kabir} and A. {Sheikhi}},
    booktitle={International Conference on Computational Intelligence and Multimedia Applications (ICCIMA 2007)},
    title={Defect Detection in Patterned Fabrics Using Modified Local Binary Patterns},
    year={2007},
    volume={2},
    number={},
    pages={261-267},
    doi={10.1109/ICCIMA.2007.50},
    ISSN={},
    month={Dec},}

@article{b5.2,
    title = "Real time fabric defect detection system on an embedded DSP platform",
    journal = "Optik",
    volume = "124",
    number = "21",
    pages = "5280 - 5284",
    year = "2013",
    issn = "0030-4026",
    author = "Jagdish Lal Raheja and Bandla Ajay and Ankit Chaudhary"
}

@article{b5.3,
    author = {J. Wood, Errol},
    year = {1990},
    month = {04},
    pages = {212-220},
    title = {Applying Fourier and Associated Transforms to Pattern Characterization in Textiles},
    volume = {60},
    journal = {Textile Research Journal - TEXT RES J},
    doi = {10.1177/004051759006000404}
}

@article{b5.4,
    author = {Chan, Chi-Ho and Pang, Grantham},
    year = {2000},
    month = {10},
    pages = {1267 - 1276},
    title = {Fabric Defect Detection by Fourier Analysis},
    volume = {36},
    journal = {Industry Applications, IEEE Transactions on},
    doi = {10.1109/28.871274}
}

@article{b5.5,
    title = "Texture classification and segmentation using wavelet packet frame and Gaussian mixture model",
    journal = "Pattern Recognition",
    volume = "40",
    number = "4",
    pages = "1207 - 1221",
    year = "2007",
    issn = "0031-3203",
    author = "Soo Chang Kim and Tae Jin Kang"
}

@article{b5.6,
    title="Fabric defect detection based on gclm and gabor filter: A comparison",
    journal="Optik - International Journal for Light and Electron Optics",
    year="2013",
    author="J. L. Raheja and S. Kumar and A. Chaudhary"
}

@article{b5.7,
    title = "Fabric inspection based on the Elo rating method",
    journal = "Pattern Recognition",
    volume = "51",
    pages = "378 - 394",
    year = "2016",
    issn = "0031-3203",
    author = "Colin S.C. Tsang and Henry Y.T. Ngan and Grantham K.H. Pang"
}

@article{b5.8,
    title = "Class-specific weighting for Markov random field estimation: Application to medical image segmentation",
    journal = "Medical Image Analysis",
    volume = "16",
    number = "8",
    pages = "1477 - 1489",
    year = "2012",
    issn = "1361-8415",
    author = "James P. Monaco and Anant Madabhushi"
}

@article{b5.9,
    author = {S. Cohen, Femand and Fan, Zhigang and Attali, Stephane},
    year = {1991},
    month = {09},
    pages = {803-808},
    title = {Automated inspection of textile fabrics using textural models},
    volume = {13},
    journal = {Pattern Analysis and Machine Intelligence, IEEE Transactions on},
    doi = {10.1109/34.85670}
}

@inproceedings{b5.10,
    author = {Serafim, António},
    year = {1992},
    month = {01},
    pages = {41 - 44},
    title = {Segmentation of Natural Images Based on Multiresolution Pyramids Linking of the Parameters of an Autoregressive Rotation Invariant Model Application to Leather Defect Detection},
    volume = {3},
    isbn = {0-8186-2920-7},
    doi = {10.1109/ICPR.1992.201923}
}

@inproceedings{b5.11,
    author = {Hajimowlana, S.H. and Muscedere, R and Jullien, Graham and Roberts, J.W.},
    year = {1998},
    month = {09},
    pages = {318 - 321},
    title = {1D autoregressive modeling for defect detection in Web inspection systems},
    isbn = {0-8186-8914-5},
    doi = {10.1109/MWSCAS.1998.759496}
}


@article{broc,
    author = {Emmerich and Stanley, David},
    year = {1968},
    month = {01},
    pages = {},
    title = {Receiver operating characteristics determined under several interaural conditions of listening.}
}

@article{broc1,
author = {Rasouli, M and Okhovatian, Ali and Enderami, Athena},
year = {2005},
month = {09},
pages = {913-8},
title = {Serum proteins profile as an indicator of malignancy: Multivariate logistic regression and ROC analyses},
volume = {43},
journal = {Clinical chemistry and laboratory medicine : CCLM / FESCC},
doi = {10.1515/CCLM.2005.156}
}

@article{broc2,
author = {C Brumback, Lyndia and S Pepe, Margaret and A Alonzo, Todd},
year = {2006},
month = {02},
pages = {575-90},
title = {Using the ROC curve for gauging treatment effect in clinical trials},
volume = {25},
journal = {Statistics in medicine},
doi = {10.1002/sim.2345}
}

@article{broc3,
author = {Langer, Steve and Fetterly, Kenneth and Mandrekar, Jay and Harmsen, Scott and Bartholmai, Brian and Patton, Charles and Bishop, Alan and McCannel, Colin},
year = {2006},
month = {04},
pages = {30-40},
title = {ROC Study of Four LCD Displays Under Typical Medical Center Lighting Conditions},
volume = {19},
journal = {Journal of digital imaging : the official journal of the Society for Computer Applications in Radiology},
doi = {10.1007/s10278-005-8149-y}
}


@INPROCEEDINGS{bdensenet1, 
author={M. {Behzadi} and R. {Safabakhsh}}, 
booktitle={2018 4th Iranian Conference on Signal Processing and Intelligent Systems (ICSPIS)}, 
title={Text Detection in Natural Scenes using Fully Convolutional DenseNets}, 
year={2018}, 
volume={}, 
number={}, 
pages={11-14}, 
ISSN={}, 
month={Dec},}

@INPROCEEDINGS{bdensenet2, 
author={N. {Takahashi} and Y. {Mitsufuji}}, 
booktitle={2017 IEEE Workshop on Applications of Signal Processing to Audio and Acoustics (WASPAA)}, 
title={Multi-Scale multi-band densenets for audio source separation}, 
year={2017}, 
volume={}, 
number={}, 
pages={21-25}, 
ISSN={1947-1629}, 
month={Oct},}

@article{bprice_down,
author = {Srinivasana, K and H. Dastoora, P and Radhakrishnaiaha, P and Jayaraman, Sundaresan},
year = {1992},
month = {01},
pages = {},
title = {FDAS: A Knowledge-based Framework for Analysis of Defects in Woven Textile Structures},
volume = {83},
journal = {Journal of the Textile Institute},
}

@article{bspeed_down,
author = {Ngan, Henry Y.T. and Pang, Grantham and Hon Ching Yung, Nelson},
year = {2011},
month = {06},
pages = {442-458},
title = {Automated fabric defect detection—A review},
volume = {29},
journal = {Image Vision Comput.},
doi = {10.1016/j.imavis.2011.02.002}
}

@ARTICLE{bdl1, 
author={I. {Bisio} and C. {Garibotto} and A. {Grattarola} and F. {Lavagetto} and A. {Sciarrone}}, 
journal={IEEE Transactions on Vehicular Technology}, 
title={Smart and Robust Speaker Recognition for Context-Aware In-Vehicle Applications}, 
year={2018}, 
volume={67}, 
number={9}, 
pages={8808-8821}, 
doi={10.1109/TVT.2018.2849577}, 
ISSN={0018-9545}, 
month={Sep.},}

@INPROCEEDINGS{bdl2, 
author={K. {Sintoris} and K. {Vergidis}}, 
booktitle={2017 IEEE 19th Conference on Business Informatics (CBI)}, 
title={Extracting Business Process Models Using Natural Language Processing (NLP) Techniques}, 
year={2017}, 
volume={01}, 
number={}, 
pages={135-139}, 
doi={10.1109/CBI.2017.41}, 
ISSN={2378-1971}, 
month={July},}

@INPROCEEDINGS{bdl3, 
author={F. {Li} and Z. {Hang} and G. {Yu} and G. {Wei} and C. {Xinyu}}, 
booktitle={2017 29th Chinese Control And Decision Conference (CCDC)}, 
title={The method for glass bottle defects detecting based on machine vision}, 
year={2017}, 
volume={}, 
number={}, 
pages={7618-7621}, 
doi={10.1109/CCDC.2017.7978567}, 
ISSN={1948-9447}, 
month={May},}

@INPROCEEDINGS{bcnn1, 
author={H. R. {Roth} and C. T. {Lee} and H. {Shin} and A. {Seff} and L. {Kim} and J. {Yao} and L. {Lu} and R. M. {Summers}}, 
booktitle={2015 IEEE 12th International Symposium on Biomedical Imaging (ISBI)}, 
title={Anatomy-specific classification of medical images using deep convolutional nets}, 
year={2015}, 
volume={}, 
number={}, 
pages={101-104}, 
doi={10.1109/ISBI.2015.7163826}, 
ISSN={1945-7928}, 
month={April},}

@INPROCEEDINGS{bcnn2, 
author={T. {Guo} and J. {Dong} and H. {Li} and Y. {Gao}}, 
booktitle={2017 IEEE 2nd International Conference on Big Data Analysis (ICBDA)(}, 
title={Simple convolutional neural network on image classification}, 
year={2017}, 
volume={}, 
number={}, 
pages={721-724}, 
ISSN={}, 
month={March},}

@INPROCEEDINGS{bcnn3, 
author={R. C. {Çalik} and M. F. {Demirci}}, 
booktitle={2018 IEEE/ACS 15th International Conference on Computer Systems and Applications (AICCSA)}, 
title={Cifar-10 Image Classification with Convolutional Neural Networks for Embedded Systems}, 
year={2018}, 
volume={}, 
number={}, 
pages={1-2}, 
doi={10.1109/AICCSA.2018.8612873}, 
ISSN={2161-5330}, 
month={Oct},}

@article{2009learning,
	title={Learning multiple layers of features from tiny images},
	author={Krizhevsky, Alex and Hinton, Geoffrey and others},
	year={2009},
	publisher={Citeseer}
}

@article{yu2021cffnn,
	title={Cffnn: Cross feature fusion neural network for collaborative filtering},
	author={Yu, Ruiyun and Ye, Dezhi and Wang, Zhihong and Zhang, Biyun and Oguti, Ann Move and Li, Jie and Jin, Bo and Kurdahi, Fadi},
	journal={IEEE Transactions on Knowledge and Data Engineering},
	year={2021},
	publisher={IEEE}
}

@inproceedings{LavinG16,
	author    = {Andrew Lavin and Scott Gray},
	title     = {Fast Algorithms for Convolutional Neural Networks},
	booktitle = {2016 {IEEE} {CVPR} 2016},
	pages     = {4013--4021},
	publisher = {{IEEE} Computer Society},
	year      = {2016},
}
@article{amodei2016end,
  title  = {End to end speech recognition in English and Mandarin},
  author = {Amodei, Dario and Anubhai, Rishita and Battenberg, Eric and Case, Carl and Casper, Jared and Catanzaro, Bryan and Chen, Jingdong and Chrzanowski, Mike and Coates, Adam and Diamos, Greg and others},
  year   = {2016}
}

@article{luong2015effective,
  title   = {Effective approaches to attention-based neural machine translation},
  author  = {Luong, Minh-Thang and Pham, Hieu and Manning, Christopher D},
  journal = {arXiv preprint arXiv:1508.04025},
  year    = {2015}
}

@article{bahdanau2014neural,
  title   = {Neural machine translation by jointly learning to align and translate},
  author  = {Bahdanau, Dzmitry and Cho, Kyunghyun and Bengio, Yoshua},
  journal = {arXiv preprint arXiv:1409.0473},
  year    = {2014}
}

@article{esteva2017dermatologist,
  title     = {Dermatologist-level classification of skin cancer with deep neural networks},
  author    = {Esteva, Andre and Kuprel, Brett and Novoa, Roberto A and Ko, Justin and Swetter, Susan M and Blau, Helen M and Thrun, Sebastian},
  journal   = {nature},
  volume    = {542},
  number    = {7639},
  pages     = {115--118},
  year      = {2017},
  publisher = {Nature Publishing Group}
}



@inproceedings{ciregan2012multi,
  title        = {Multi-column deep neural networks for image classification},
  author       = {Ciregan, Dan and Meier, Ueli and Schmidhuber, J{\"u}rgen},
  booktitle    = {2012 IEEE conference on computer vision and pattern recognition},
  pages        = {3642--3649},
  year         = {2012},
  organization = {IEEE}
}

#hansong
@article{lin2013network,
  title={Network in network},
  author={Lin, Min and Chen, Qiang and Yan, Shuicheng},
  journal={arXiv preprint arXiv:1312.4400},
  year={2013}
}
@article{novikov2015tensorizing,
  title={Tensorizing neural networks},
  author={Novikov, Alexander and Podoprikhin, Dmitry and Osokin, Anton and Vetrov, Dmitry},
  journal={arXiv preprint arXiv:1509.06569},
  year={2015}
}
@article{canziani2016analysis,
	title={An analysis of deep neural network models for practical applications},
	author={Canziani, Alfredo and Paszke, Adam and Culurciello, Eugenio},
	journal={arXiv preprint arXiv:1605.07678},
	year={2016}
}
@inproceedings{tan2019mnasnet,
	title={Mnasnet: Platform-aware neural architecture search for mobile},
	author={Tan, Mingxing and Chen, Bo and Pang, Ruoming and Vasudevan, Vijay and Sandler, Mark and Howard, Andrew and Le, Quoc V},
	booktitle={Proceedings of the IEEE/CVF Conference on Computer Vision and Pattern Recognition},
	pages={2820--2828},
	year={2019}
}
@inproceedings{clement2011neuflow,
  title     = {Neuflow: A runtime reconfigurable dataflow processor for vision},
  author    = {Clement, F and Martini, B and Corda, B and Akselrod, P and Culurciello, E and LeCun, Y},
  booktitle = {Computer Vision and Pattern Recognition Workshops (CVPRW), 2011 IEEE Computer Society Conference on},
  pages     = {109--116},
  year      = {2011}
}
@inproceedings{farabet2009cnp,
  title        = {Cnp: An fpga-based processor for convolutional networks},
  author       = {Farabet, Cl{\'e}ment and Poulet, Cyril and Han, Jefferson Y and LeCun, Yann},
  booktitle    = {2009 International Conference on Field Programmable Logic and Applications},
  pages        = {32--37},
  year         = {2009},
  organization = {IEEE}
}
@inproceedings{qadeer2013convolution,
  title     = {Convolution engine: balancing efficiency \& flexibility in specialized computing},
  author    = {Qadeer, Wajahat and Hameed, Rehan and Shacham, Ofer and Venkatesan, Preethi and Kozyrakis, Christos and Horowitz, Mark A},
  booktitle = {Proceedings of the 40th Annual International Symposium on Computer Architecture},
  pages     = {24--35},
  year      = {2013}
}
@article{chen2014diannao,
  title     = {Diannao: A small-footprint high-throughput accelerator for ubiquitous machine-learning},
  author    = {Chen, Tianshi and Du, Zidong and Sun, Ninghui and Wang, Jia and Wu, Chengyong and Chen, Yunji and Temam, Olivier},
  journal   = {ACM SIGARCH Computer Architecture News},
  volume    = {42},
  number    = {1},
  pages     = {269--284},
  year      = {2014},
  publisher = {ACM New York, NY, USA}
}
@inproceedings{chen2014dadiannao,
  title        = {Dadiannao: A machine-learning supercomputer},
  author       = {Chen, Yunji and Luo, Tao and Liu, Shaoli and Zhang, Shijin and He, Liqiang and Wang, Jia and Li, Ling and Chen, Tianshi and Xu, Zhiwei and Sun, Ninghui and others},
  booktitle    = {2014 47th Annual IEEE/ACM International Symposium on Microarchitecture},
  pages        = {609--622},
  year         = {2014},
  organization = {IEEE}
}
@inproceedings{du2015shidiannao,
  title     = {ShiDianNao: Shifting vision processing closer to the sensor},
  author    = {Du, Zidong and Fasthuber, Robert and Chen, Tianshi and Ienne, Paolo and Li, Ling and Luo, Tao and Feng, Xiaobing and Chen, Yunji and Temam, Olivier},
  booktitle = {Proceedings of the 42nd Annual International Symposium on Computer Architecture},
  pages     = {92--104},
  year      = {2015}
}
@article{chen2016eyeriss,
  title     = {Eyeriss: An energy-efficient reconfigurable accelerator for deep convolutional neural networks},
  author    = {Chen, Yu-Hsin and Krishna, Tushar and Emer, Joel S and Sze, Vivienne},
  journal   = {IEEE journal of solid-state circuits},
  volume    = {52},
  number    = {1},
  pages     = {127--138},
  year      = {2016},
  publisher = {IEEE}
}
@inproceedings{qiu2016going,
  title     = {Going deeper with embedded fpga platform for convolutional neural network},
  author    = {Qiu, Jiantao and Wang, Jie and Yao, Song and Guo, Kaiyuan and Li, Boxun and Zhou, Erjin and Yu, Jincheng and Tang, Tianqi and Xu, Ningyi and Song, Sen and others},
  booktitle = {Proceedings of the 2016 ACM/SIGDA International Symposium on Field-Programmable Gate Arrays},
  pages     = {26--35},
  year      = {2016}
}
@inproceedings{lecun1989optimal,
  title        = {Optimal brain damage.},
  author       = {LeCun, Yann and Denker, John S and Solla, Sara A and Howard, Richard E and Jackel, Lawrence D},
  booktitle    = {NIPs},
  volume       = {2},
  pages        = {598--605},
  year         = {1989},
  organization = {Citeseer}
}#63
@article{denil2013predicting,
  title   = {Predicting parameters in deep learning},
  author  = {Denil, Misha and Shakibi, Babak and Dinh, Laurent and Ranzato, Marc'Aurelio and De Freitas, Nando},
  journal = {arXiv preprint arXiv:1306.0543},
  year    = {2013}
}#64
@article{denton2014exploiting,
  title   = {Exploiting linear structure within convolutional networks for efficient evaluation},
  author  = {Denton, Emily and Zaremba, Wojciech and Bruna, Joan and LeCun, Yann and Fergus, Rob},
  journal = {arXiv preprint arXiv:1404.0736},
  year    = {2014}
}#16-23
@inproceedings{han2017ese,
  title     = {Ese: Efficient speech recognition engine with sparse lstm on fpga},
  author    = {Han, Song and Kang, Junlong and Mao, Huizi and Hu, Yiming and Li, Xin and Li, Yubin and Xie, Dongliang and Luo, Hong and Yao, Song and Wang, Yu and others},
  booktitle = {Proceedings of the 2017 ACM/SIGDA International Symposium on Field-Programmable Gate Arrays},
  pages     = {75--84},
  year      = {2017}
}
@article{vedaldi2014convolutional,
  title   = {Convolutional architecture for fast feature embedding},
  author  = {Vedaldi, A and Jia, Y and Shelhamer, E and Donahue, J and Karayev, S and Long, J and Darrell, T},
  journal = {Cornell University, arXiv: 1408.5093 v12014},
  year    = {2014}
}
@inproceedings{chakradhar2010dynamically,
  title     = {A dynamically configurable coprocessor for convolutional neural networks},
  author    = {Chakradhar, Srimat and Sankaradas, Murugan and Jakkula, Venkata and Cadambi, Srihari},
  booktitle = {Proceedings of the 37th annual international symposium on Computer architecture},
  pages     = {247--257},
  year      = {2010}
}
@article{li2016pruning,
  title   = {Pruning filters for efficient convnets},
  author  = {Li, Hao and Kadav, Asim and Durdanovic, Igor and Samet, Hanan and Graf, Hans Peter},
  journal = {arXiv preprint arXiv:1608.08710},
  year    = {2016}
}
@inproceedings{fowers2014high,
  title        = {A high memory bandwidth fpga accelerator for sparse matrix-vector multiplication},
  author       = {Fowers, Jeremy and Ovtcharov, Kalin and Strauss, Karin and Chung, Eric S and Stitt, Greg},
  booktitle    = {2014 IEEE 22nd Annual International Symposium on Field-Programmable Custom Computing Machines},
  pages        = {36--43},
  year         = {2014},
  organization = {IEEE}
}
@article{vanhoucke2011improving,
  title={Improving the speed of neural networks on CPUs},
  author={Vanhoucke, Vincent and Senior, Andrew and Mao, Mark Z},
  year={2011}
}
@inproceedings{anwar2015fixed,
  title={Fixed point optimization of deep convolutional neural networks for object recognition},
  author={Anwar, Sajid and Hwang, Kyuyeon and Sung, Wonyong},
  booktitle={2015 IEEE International Conference on Acoustics, Speech and Signal Processing (ICASSP)},
  pages={1131--1135},
  year={2015},
  organization={IEEE}
}
@inproceedings{hwang2014fixed,
  title={Fixed-point feedforward deep neural network design using weights+ 1, 0, and- 1},
  author={Hwang, Kyuyeon and Sung, Wonyong},
  booktitle={2014 IEEE Workshop on Signal Processing Systems (SiPS)},
  pages={1--6},
  year={2014},
  organization={IEEE}
}
@article{gong2014compressing,
  title={Compressing deep convolutional networks using vector quantization},
  author={Gong, Yunchao and Liu, Liu and Yang, Ming and Bourdev, Lubomir},
  journal={arXiv preprint arXiv:1412.6115},
  year={2014}
}
@article{molchanov2016pruning,
  title={Pruning convolutional neural networks for resource efficient inference},
  author={Molchanov, Pavlo and Tyree, Stephen and Karras, Tero and Aila, Timo and Kautz, Jan},
  journal={arXiv preprint arXiv:1611.06440},
  year={2016}
}
@article{anwar2016compact,
  title={Compact deep convolutional neural networks with coarse pruning},
  author={Anwar, Sajid and Sung, Wonyong},
  journal={arXiv preprint arXiv:1610.09639},
  year={2016}
}
@inproceedings{yang2017designing,
  title={Designing energy-efficient convolutional neural networks using energy-aware pruning},
  author={Yang, Tien-Ju and Chen, Yu-Hsin and Sze, Vivienne},
  booktitle={Proceedings of the IEEE Conference on Computer Vision and Pattern Recognition},
  pages={5687--5695},
  year={2017}
}
@inproceedings{he2017channel,
  title={Channel pruning for accelerating very deep neural networks},
  author={He, Yihui and Zhang, Xiangyu and Sun, Jian},
  booktitle={Proceedings of the IEEE International Conference on Computer Vision},
  pages={1389--1397},
  year={2017}
}
@article{narang2017exploring,
  title={Exploring sparsity in recurrent neural networks},
  author={Narang, Sharan and Elsen, Erich and Diamos, Gregory and Sengupta, Shubho},
  journal={arXiv preprint arXiv:1704.05119},
  year={2017}
}
@article{guo2016dynamic,
  title={Dynamic network surgery for efficient dnns},
  author={Guo, Yiwen and Yao, Anbang and Chen, Yurong},
  journal={arXiv preprint arXiv:1608.04493},
  year={2016}
}
@article{wen2016learning,
  title={Learning structured sparsity in deep neural networks},
  author={Wen, Wei and Wu, Chunpeng and Wang, Yandan and Chen, Yiran and Li, Hai},
  journal={arXiv preprint arXiv:1608.03665},
  year={2016}
}
@inproceedings{luo2017thinet,
  title={Thinet: A filter level pruning method for deep neural network compression},
  author={Luo, Jian-Hao and Wu, Jianxin and Lin, Weiyao},
  booktitle={Proceedings of the IEEE international conference on computer vision},
  pages={5058--5066},
  year={2017}
}
@article{anwar2017structured,
  title={Structured pruning of deep convolutional neural networks},
  author={Anwar, Sajid and Hwang, Kyuyeon and Sung, Wonyong},
  journal={ACM Journal on Emerging Technologies in Computing Systems (JETC)},
  volume={13},
  number={3},
  pages={1--18},
  year={2017},
  publisher={ACM New York, NY, USA}
}
@article{mao2017exploring,
  title={Exploring the regularity of sparse structure in convolutional neural networks},
  author={Mao, Huizi and Han, Song and Pool, Jeff and Li, Wenshuo and Liu, Xingyu and Wang, Yu and Dally, William J},
  journal={arXiv preprint arXiv:1705.08922},
  year={2017}
}
@inproceedings{venkatesh2017accelerating,
  title={Accelerating deep convolutional networks using low-precision and sparsity},
  author={Venkatesh, Ganesh and Nurvitadhi, Eriko and Marr, Debbie},
  booktitle={2017 IEEE International Conference on Acoustics, Speech and Signal Processing (ICASSP)},
  pages={2861--2865},
  year={2017},
  organization={IEEE}
}
@article{zhu2016trained,
  title={Trained ternary quantization},
  author={Zhu, Chenzhuo and Han, Song and Mao, Huizi and Dally, William J},
  journal={arXiv preprint arXiv:1612.01064},
  year={2016}
}
@inproceedings{rastegari2016xnor,
  title={Xnor-net: Imagenet classification using binary convolutional neural networks},
  author={Rastegari, Mohammad and Ordonez, Vicente and Redmon, Joseph and Farhadi, Ali},
  booktitle={European conference on computer vision},
  pages={525--542},
  year={2016},
  organization={Springer}
}
@article{zhou2016dorefa,
  title={Dorefa-net: Training low bitwidth convolutional neural networks with low bitwidth gradients},
  author={Zhou, Shuchang and Wu, Yuxin and Ni, Zekun and Zhou, Xinyu and Wen, He and Zou, Yuheng},
  journal={arXiv preprint arXiv:1606.06160},
  year={2016}
}
@article{miyashita2016convolutional,
  title={Convolutional neural networks using logarithmic data representation},
  author={Miyashita, Daisuke and Lee, Edward H and Murmann, Boris},
  journal={arXiv preprint arXiv:1603.01025},
  year={2016}
}
@article{srinivas2015data,
  title={Data-free parameter pruning for deep neural networks},
  author={Srinivas, Suraj and Babu, R Venkatesh},
  journal={arXiv preprint arXiv:1507.06149},
  year={2015}
}
@article{han2015learning,
  title={Learning both weights and connections for efficient neural networks},
  author={Han, Song and Pool, Jeff and Tran, John and Dally, William J},
  journal={arXiv preprint arXiv:1506.02626},
  year={2015}
}
@article{ullrich2017soft,
  title={Soft weight-sharing for neural network compression},
  author={Ullrich, Karen and Meeds, Edward and Welling, Max},
  journal={arXiv preprint arXiv:1702.04008},
  year={2017}
}
@inproceedings{zhou2016less,
  title={Less is more: Towards compact cnns},
  author={Zhou, Hao and Alvarez, Jose M and Porikli, Fatih},
  booktitle={European Conference on Computer Vision},
  pages={662--677},
  year={2016},
  organization={Springer}
}
@inproceedings{rigamonti2013learning,
  title={Learning separable filters},
  author={Rigamonti, Roberto and Sironi, Amos and Lepetit, Vincent and Fua, Pascal},
  booktitle={Proceedings of the IEEE conference on computer vision and pattern recognition},
  pages={2754--2761},
  year={2013}
}
@article{jaderberg2014speeding,
  title={Speeding up convolutional neural networks with low rank expansions},
  author={Jaderberg, Max and Vedaldi, Andrea and Zisserman, Andrew},
  journal={arXiv preprint arXiv:1405.3866},
  year={2014}
}
@article{lebedev2014speeding,
  title={Speeding-up convolutional neural networks using fine-tuned cp-decomposition},
  author={Lebedev, Vadim and Ganin, Yaroslav and Rakhuba, Maksim and Oseledets, Ivan and Lempitsky, Victor},
  journal={arXiv preprint arXiv:1412.6553},
  year={2014}
}
@article{tai2015convolutional,
  title={Convolutional neural networks with low-rank regularization},
  author={Tai, Cheng and Xiao, Tong and Zhang, Yi and Wang, Xiaogang and others},
  journal={arXiv preprint arXiv:1511.06067},
  year={2015}
}
@inproceedings{wu2016quantized,
  title={Quantized convolutional neural networks for mobile devices},
  author={Wu, Jiaxiang and Leng, Cong and Wang, Yuhang and Hu, Qinghao and Cheng, Jian},
  booktitle={Proceedings of the IEEE Conference on Computer Vision and Pattern Recognition},
  pages={4820--4828},
  year={2016}
}
@inproceedings{gupta2015deep,
  title={Deep learning with limited numerical precision},
  author={Gupta, Suyog and Agrawal, Ankur and Gopalakrishnan, Kailash and Narayanan, Pritish},
  booktitle={International conference on machine learning},
  pages={1737--1746},
  year={2015},
  organization={PMLR}
}
@article{choi2016towards,
  title={Towards the limit of network quantization},
  author={Choi, Yoojin and El-Khamy, Mostafa and Lee, Jungwon},
  journal={arXiv preprint arXiv:1612.01543},
  year={2016}
}
@article{courbariaux2016binarized,
  title={Binarized neural networks: Training deep neural networks with weights and activations constrained to+ 1 or-1},
  author={Courbariaux, Matthieu and Hubara, Itay and Soudry, Daniel and El-Yaniv, Ran and Bengio, Yoshua},
  journal={arXiv preprint arXiv:1602.02830},
  year={2016}
}
@article{merolla2016deep,
  title={Deep neural networks are robust to weight binarization and other non-linear distortions},
  author={Merolla, Paul and Appuswamy, Rathinakumar and Arthur, John and Esser, Steve K and Modha, Dharmendra},
  journal={arXiv preprint arXiv:1606.01981},
  year={2016}
}
@article{hou2016loss,
  title={Loss-aware binarization of deep networks},
  author={Hou, Lu and Yao, Quanming and Kwok, James T},
  journal={arXiv preprint arXiv:1611.01600},
  year={2016}
}
@article{lin2015neural,
  title={Neural networks with few multiplications},
  author={Lin, Zhouhan and Courbariaux, Matthieu and Memisevic, Roland and Bengio, Yoshua},
  journal={arXiv preprint arXiv:1510.03009},
  year={2015}
}



#acnet
@inproceedings{ding2019acnet,
  title={Acnet: Strengthening the kernel skeletons for powerful cnn via asymmetric convolution blocks},
  author={Ding, Xiaohan and Guo, Yuchen and Ding, Guiguang and Han, Jungong},
  booktitle={Proceedings of the IEEE/CVF International Conference on Computer Vision},
  pages={1911--1920},
  year={2019}
}

#repnet
@article{ding2021repvgg,
  title={RepVGG: Making VGG-style ConvNets Great Again},
  author={Ding, Xiaohan and Zhang, Xiangyu and Ma, Ningning and Han, Jungong and Ding, Guiguang and Sun, Jian},
  journal={arXiv preprint arXiv:2101.03697},
  year={2021}
}

#dbb
@article{ding2021diverse,
  title={Diverse Branch Block: Building a Convolution as an Inception-like Unit},
  author={Ding, Xiaohan and Zhang, Xiangyu and Han, Jungong and Ding, Guiguang},
  journal={arXiv preprint arXiv:2103.13425},
  year={2021}
}

#mnist
@article{lecun1998mnist,
  title   = {The MNIST database of handwritten digits},
  author  = {LeCun, Yann},
  journal = {http://yann. lecun. com/exdb/mnist/},
  year    = {1998}
}

#lenet
@article{lecun1998gradient,
  title     = {Gradient-based learning applied to document recognition},
  author    = {LeCun, Yann and Bottou, L{\'e}on and Bengio, Yoshua and Haffner, Patrick},
  journal   = {Proceedings of the IEEE},
  volume    = {86},
  number    = {11},
  pages     = {2278--2324},
  year      = {1998},
  publisher = {Ieee}
}

#tpu
@inproceedings{jouppi2017datacenter,
  title     = {In-datacenter performance analysis of a tensor processing unit},
  author    = {Jouppi, Norman P and Young, Cliff and Patil, Nishant and Patterson, David and Agrawal, Gaurav and Bajwa, Raminder and Bates, Sarah and Bhatia, Suresh and Boden, Nan and Borchers, Al and others},
  booktitle = {Proceedings of the 44th annual international symposium on computer architecture},
  pages     = {1--12},
  year      = {2017}
}

@article{ren2019multi,
	title={Multi-scale dense gate recurrent unit networks for bearing remaining useful life prediction},
	author={Ren, Lei and Cheng, Xuejun and Wang, Xiaokang and Cui, Jin and Zhang, Lin},
	journal={Future Generation Computer Systems},
	volume={94},
	pages={601--609},
	year={2019},
	publisher={Elsevier}
}

@article{zagoruyko2016paying,
  title={Paying more attention to attention: Improving the performance of convolutional neural networks via attention transfer},
  author={Zagoruyko, Sergey and Komodakis, Nikos},
  journal={arXiv preprint arXiv:1612.03928},
  year={2016}
}

@article{chen2015net2net,
  title={Net2net: Accelerating learning via knowledge transfer},
  author={Chen, Tianqi and Goodfellow, Ian and Shlens, Jonathon},
  journal={arXiv preprint arXiv:1511.05641},
  year={2015}
}

@inproceedings{luo2016face,
  title={Face model compression by distilling knowledge from neurons},
  author={Luo, Ping and Zhu, Zhenyao and Liu, Ziwei and Wang, Xiaogang and Tang, Xiaoou},
  booktitle={Proceedings of the AAAI Conference on Artificial Intelligence},
  volume={30},
  number={1},
  year={2016}
}

@article{korattikara2015bayesian,
  title={Bayesian dark knowledge},
  author={Korattikara, Anoop and Rathod, Vivek and Murphy, Kevin and Welling, Max},
  journal={arXiv preprint arXiv:1506.04416},
  year={2015}
}

@article{zoph2016neural,
  title={Neural architecture search with reinforcement learning},
  author={Zoph, Barret and Le, Quoc V},
  journal={arXiv preprint arXiv:1611.01578},
  year={2016}
}

@article{ba2013deep,
  title={Do deep nets really need to be deep?},
  author={Ba, Lei Jimmy and Caruana, Rich},
  journal={arXiv preprint arXiv:1312.6184},
  year={2013}
}

@article{romero2014fitnets,
  title={Fitnets: Hints for thin deep nets},
  author={Romero, Adriana and Ballas, Nicolas and Kahou, Samira Ebrahimi and Chassang, Antoine and Gatta, Carlo and Bengio, Yoshua},
  journal={arXiv preprint arXiv:1412.6550},
  year={2014}
}

@article{zagoruyko2016paying,
	title={Paying more attention to attention: Improving the performance of convolutional neural networks via attention transfer},
	author={Zagoruyko, Sergey and Komodakis, Nikos},
	journal={arXiv preprint arXiv:1612.03928},
	year={2016}
}
@article{huang2017like,
	title={Like what you like: Knowledge distill via neuron selectivity transfer},
	author={Huang, Zehao and Wang, Naiyan},
	journal={arXiv preprint arXiv:1707.01219},
	year={2017}
}
@article{lan2018knowledge,
	title={Knowledge distillation by on-the-fly native ensemble},
	author={Lan, Xu and Zhu, Xiatian and Gong, Shaogang},
	journal={arXiv preprint arXiv:1806.04606},
	year={2018}
}

@article{hinton2015distilling,
  title={Distilling the knowledge in a neural network},
  author={Hinton, Geoffrey and Vinyals, Oriol and Dean, Jeff},
  journal={arXiv preprint arXiv:1503.02531},
  year={2015}
}

@inproceedings{buciluǎ2006model,
  title={Model compression},
  author={Buciluǎ, Cristian and Caruana, Rich and Niculescu-Mizil, Alexandru},
  booktitle={Proceedings of the 12th ACM SIGKDD international conference on Knowledge discovery and data mining},
  pages={535--541},
  year={2006}
}

#LabelEnv
@inproceedings{hao2020labelenc,
  title={LabelEnc: A New Intermediate Supervision Method for Object Detection},
  author={Hao, Miao and Liu, Yitao and Zhang, Xiangyu and Sun, Jian},
  booktitle={European Conference on Computer Vision},
  pages={529--545},
  year={2020},
  organization={Springer}
}

#batchnorm
@inproceedings{ioffe2015batch,
  title={Batch normalization: Accelerating deep network training by reducing internal covariate shift},
  author={Ioffe, Sergey and Szegedy, Christian},
  booktitle={International conference on machine learning},
  pages={448--456},
  year={2015},
  organization={PMLR}
}

#mobilenet
@article{howard2017mobilenets,
  title={Mobilenets: Efficient convolutional neural networks for mobile vision applications},
  author={Howard, Andrew G and Zhu, Menglong and Chen, Bo and Kalenichenko, Dmitry and Wang, Weijun and Weyand, Tobias and Andreetto, Marco and Adam, Hartwig},
  journal={arXiv preprint arXiv:1704.04861},
  year={2017}
}

#resnext
@inproceedings{xie2017aggregated,
  title={Aggregated residual transformations for deep neural networks},
  author={Xie, Saining and Girshick, Ross and Doll{\'a}r, Piotr and Tu, Zhuowen and He, Kaiming},
  booktitle={Proceedings of the IEEE conference on computer vision and pattern recognition},
  pages={1492--1500},
  year={2017}
}
@inproceedings{cai2018efficient,
	title={Efficient architecture search by network transformation},
	author={Cai, Han and Chen, Tianyao and Zhang, Weinan and Yu, Yong and Wang, Jun},
	booktitle={Proceedings of the AAAI Conference on Artificial Intelligence},
	volume={32},
	number={1},
	year={2018}
}

@inproceedings{wu2019fbnet,
	title={Fbnet: Hardware-aware efficient convnet design via differentiable neural architecture search},
	author={Wu, Bichen and Dai, Xiaoliang and Zhang, Peizhao and Wang, Yanghan and Sun, Fei and Wu, Yiming and Tian, Yuandong and Vajda, Peter and Jia, Yangqing and Keutzer, Kurt},
	booktitle={Proceedings of the IEEE/CVF Conference on Computer Vision and Pattern Recognition},
	pages={10734--10742},
	year={2019}
}

@inproceedings{radosavovic2020designing,
	title={Designing network design spaces},
	author={Radosavovic, Ilija and Kosaraju, Raj Prateek and Girshick, Ross and He, Kaiming and Doll{\'a}r, Piotr},
	booktitle={Proceedings of the IEEE/CVF Conference on Computer Vision and Pattern Recognition},
	pages={10428--10436},
	year={2020}
}

#sqeezenet
@article{iandola2016squeezenet,
  title={SqueezeNet: AlexNet-level accuracy with 50x fewer parameters and< 0.5 MB model size},
  author={Iandola, Forrest N and Han, Song and Moskewicz, Matthew W and Ashraf, Khalid and Dally, William J and Keutzer, Kurt},
  journal={arXiv preprint arXiv:1602.07360},
  year={2016}
}

#resnet
@inproceedings{he2016deep,
  title     = {Deep residual learning for image recognition},
  author    = {He, Kaiming and Zhang, Xiangyu and Ren, Shaoqing and Sun, Jian},
  booktitle = {Proceedings of the IEEE conference on computer vision and pattern recognition},
  pages     = {770--778},
  year      = {2016}
}

#vgg16
@article{simonyan2014very,
  title   = {Very deep convolutional networks for large-scale image recognition},
  author  = {Simonyan, Karen and Zisserman, Andrew},
  journal = {arXiv preprint arXiv:1409.1556},
  year    = {2014}
}


#zfnet
@inproceedings{zeiler2014visualizing,
  title        = {Visualizing and understanding convolutional networks},
  author       = {Zeiler, Matthew D and Fergus, Rob},
  booktitle    = {European conference on computer vision},
  pages        = {818--833},
  year         = {2014},
  organization = {Springer}
}

#alexnet
@inproceedings{krizhevsky2012imagenet,
  title     = {Imagenet classification with deep convolutional neural networks},
  author    = {Krizhevsky, Alex and Sutskever, Ilya and Hinton, Geoffrey E},
  booktitle = {Advances in neural information processing systems},
  pages     = {1097--1105},
  year      = {2012}
}
#googlenet
@inproceedings{szegedy2015going,
  title     = {Going deeper with convolutions},
  author    = {Szegedy, Christian and Liu, Wei and Jia, Yangqing and Sermanet, Pierre and Reed, Scott and Anguelov, Dragomir and Erhan, Dumitru and Vanhoucke, Vincent and Rabinovich, Andrew},
  booktitle = {Proceedings of the IEEE conference on computer vision and pattern recognition},
  pages     = {1--9},
  year      = {2015}
}

# 低秩分解
@inproceedings{lebedev2016fast,
  title     = {Fast convnets using group-wise brain damage},
  author    = {Lebedev, Vadim and Lempitsky, Victor},
  booktitle = {Proceedings of the IEEE Conference on Computer Vision and Pattern Recognition},
  pages     = {2554--2564},
  year      = {2016}
}
@inproceedings{zhang2018shufflenet,
	title={Shufflenet: An extremely efficient convolutional neural network for mobile devices},
	author={Zhang, Xiangyu and Zhou, Xinyu and Lin, Mengxiao and Sun, Jian},
	booktitle={Proceedings of the IEEE conference on computer vision and pattern recognition},
	pages={6848--6856},
	year={2018}
}
@inproceedings{huang2018condensenet,
	title={Condensenet: An efficient densenet using learned group convolutions},
	author={Huang, Gao and Liu, Shichen and Van der Maaten, Laurens and Weinberger, Kilian Q},
	booktitle={Proceedings of the IEEE conference on computer vision and pattern recognition},
	pages={2752--2761},
	year={2018}
}

#模型量化
@inproceedings{chen2015compressing,
  title        = {Compressing neural networks with the hashing trick},
  author       = {Chen, Wenlin and Wilson, James and Tyree, Stephen and Weinberger, Kilian and Chen, Yixin},
  booktitle    = {International conference on machine learning},
  pages        = {2285--2294},
  year         = {2015},
  organization = {PMLR}
}
@article{han2015deep,
  title   = {Deep compression: Compressing deep neural networks with pruning, trained quantization and huffman coding},
  author  = {Han, Song and Mao, Huizi and Dally, William J},
  journal = {arXiv preprint arXiv:1510.00149},
  year    = {2015}
}
#模型量化
@article{courbariaux2015binaryconnect,
  title   = {Binaryconnect: Training deep neural networks with binary weights during propagations},
  author  = {Courbariaux, Matthieu and Bengio, Yoshua and David, Jean-Pierre},
  journal = {arXiv preprint arXiv:1511.00363},
  year    = {2015}
}
#模型剪枝
@inproceedings{liu2017learning,
  title     = {Learning efficient convolutional networks through network slimming},
  author    = {Liu, Zhuang and Li, Jianguo and Shen, Zhiqiang and Huang, Gao and Yan, Shoumeng and Zhang, Changshui},
  booktitle = {Proceedings of the IEEE International Conference on Computer Vision},
  pages     = {2736--2744},
  year      = {2017}
}

# metaflow
@article{jia2019optimizing,
  title={Optimizing dnn computation with relaxed graph substitutions},
  author={Jia, Zhihao and Thomas, James and Warszawski, Tod and Gao, Mingyu and Zaharia, Matei and Aiken, Alex},
  journal={SysML 2019},
  year={2019}
}

#ios
@article{ding2021ios,
  title={Ios: Inter-operator scheduler for cnn acceleration},
  author={Ding, Yaoyao and Zhu, Ligeng and Jia, Zhihao and Pekhimenko, Gennady and Han, Song},
  journal={Proceedings of Machine Learning and Systems},
  volume={3},
  year={2021}
}

#Tensorflow
@inproceedings{abadi2016tensorflow,
  title     = {Tensorflow: A system for large-scale machine learning},
  author    = {Abadi, Mart{\'\i}n and Barham, Paul and Chen, Jianmin and Chen, Zhifeng and Davis, Andy and Dean, Jeffrey and Devin, Matthieu and Ghemawat, Sanjay and Irving, Geoffrey and Isard, Michael and others},
  booktitle = {12th $\{$USENIX$\}$ symposium on operating systems design and implementation ($\{$OSDI$\}$ 16)},
  pages     = {265--283},
  year      = {2016}
}
@misc{tensorflow,
  author       = {Google},
  title        = {TensorFlow},
  howpublished = {\url{https://www.tensorflow.org/}}
}

#Pytorch
@inproceedings{paszke2019pytorch,
  title     = {Pytorch: An imperative style, high-performance deep learning library},
  author    = {Paszke, Adam and Gross, Sam and Massa, Francisco and Lerer, Adam and Bradbury, James and Chanan, Gregory and Killeen, Trevor and Lin, Zeming and Gimelshein, Natalia and Antiga, Luca and others},
  booktitle = {Advances in neural information processing systems},
  pages     = {8026--8037},
  year      = {2019}
}
@misc{pytorch,
  author       = {Facebook},
  title        = {Pytorch},
  howpublished = {\url{https://pytorch.org/}}
}

#MXNet
@misc{mxnet,
  author       = {Apache},
  title        = {MXNet},
  howpublished = {\url{https://mxnet.apache.org/}}
}


#ncnn
@misc{ncnn,
  author       = {Tencent},
  title        = {NCNN},
  howpublished = {\url{https://github.com/Tencent/ncnn}}
}

#tensorrt
@misc{
	tensorRT,
	author = "NVIDIA",
	title = "NVIDIA TensorRT: Programmable inference
	accelerator",
	howpublished = "Website",
	year = {2017},
	note = {\url{https://developer.nvidia.com/tensorrt}}
}
#mlu
@misc{mlu,
  author       = {Cambricon},
  title        = {MLU},
  howpublished = {\url{https://www.cambricon.com/}}
}


@inproceedings{mypaper,
  author          = {Huanghe, Liu and Zongwei, Zhu and Cheng, Ji and Li-Pin, Chang and Wenjie, Zhai and Fan, Wu},
  title           = {Subnetwork-Enabled Task-aware Swapping for Efficient DNN on DRAM-constrained Embedded Devices},
  pages           = {WIP119s1},
  booktitle       = {Design Automation Conference},
  year            = {2021}
}

@inproceedings{wfpaper,
  author          = {Fan, Wu and Huanghe, Liu and Zongwei, Zhu and Cheng, Ji},
  title           = {Overcoming Memory Constraint for Improved Target Classification Performance on Embedded Deep Learning Systems},
  booktitle       = {IEEE International Conference on High Performance Computing and Communications},
  year            = {2020}
}